@Book{clark,
author = {J. Clark and D. Holton},
title = {{A First Look at Graph Theory}},
publisher = {World Scientific},
year = {2005}
};

